@article{Feldman:1997qc,
      author         = "Feldman, Gary J. and Cousins, Robert D.",
      title          = "{A Unified approach to the classical statistical analysis
                        of small signals}",
      journal        = "Phys. Rev.",
      volume         = "D57",
      year           = "1998",
      pages          = "3873-3889",
      doi            = "10.1103/PhysRevD.57.3873",
      eprint         = "physics/9711021",
      archivePrefix  = "arXiv",
      primaryClass   = "physics.data-an",
      reportNumber   = "HUTP-97-A096",
      SLACcitation   = "%%CITATION = PHYSICS/9711021;%%"
}

@article{Antonello:2015lea,
      author         = "Antonello, M. and others",
      title          = "{A Proposal for a Three Detector Short-Baseline Neutrino
                        Oscillation Program in the Fermilab Booster Neutrino
                        Beam}",
      collaboration  = "LAr1-ND, ICARUS-WA104, MicroBooNE",
      year           = "2015",
      eprint         = "1503.01520",
      archivePrefix  = "arXiv",
      primaryClass   = "physics.ins-det",
      SLACcitation   = "%%CITATION = ARXIV:1503.01520;%%"
}

@article{Acciarri:2014eit,
      author         = "Acciarri, R. and others",
      title          = "{First Measurement of Neutrino and Antineutrino Coherent
                        Charged Pion Production on Argon}",
      collaboration  = "ArgoNeuT",
      journal        = "Phys. Rev. Lett.",
      volume         = "113",
      year           = "2014",
      number         = "26",
      pages          = "261801",
      doi            = "10.1103/PhysRevLett.113.261801,
                        10.1103/PhysRevLett.114.039901",
      note           = "[Erratum: Phys. Rev. Lett.114,no.3,039901(2015)]",
      eprint         = "1408.0598",
      archivePrefix  = "arXiv",
      primaryClass   = "hep-ex",
      reportNumber   = "FERMILAB-PUB-14-258-E",
      SLACcitation   = "%%CITATION = ARXIV:1408.0598;%%"
}
@article{Tanaka:2009ag,
      author         = "Tanaka, Hide-Kazu",
      title          = "{Search for Antineutrino Charged Current Coherent Pion
                        Production at SciBooNE}",
      booktitle      = "{Proceedings, 6th International Workshop on
                        Neutrino-nucleus interactions in the few GeV region (NUINT
                        09)}",
      journal        = "AIP Conf. Proc.",
      volume         = "1189",
      year           = "2009",
      pages          = "255-260",
      doi            = "10.1063/1.3274167",
      eprint         = "0910.4754",
      archivePrefix  = "arXiv",
      primaryClass   = "hep-ex",
      SLACcitation   = "%%CITATION = ARXIV:0910.4754;%%"
}
@article{Kullenberg:2009pu,
      author         = "Kullenberg, C. T. and others",
      title          = "{A Measurement of Coherent Neutral Pion Production in
                        Neutrino Neutral Current Interactions in NOMAD}",
      collaboration  = "NOMAD",
      journal        = "Phys. Lett.",
      volume         = "B682",
      year           = "2009",
      pages          = "177-184",
      doi            = "10.1016/j.physletb.2009.10.083",
      eprint         = "0910.0062",
      archivePrefix  = "arXiv",
      primaryClass   = "hep-ex",
      SLACcitation   = "%%CITATION = ARXIV:0910.0062;%%"
}

@phdthesis{Spitz:2011wba,
	      author         = "Spitz, Joshua B.",
	            title          = "{Measuring Muon-Neutrino Charged-Current Differential
			                            Cross Sections with a Liquid Argon Time Projection
						                            Chamber}",
      school         = "Yale U.",
            year           = "2011",
	          url            = "http://lss.fnal.gov/cgi-bin/find_paper.pl?thesis-2011-36",
		        reportNumber   = "FERMILAB-THESIS-2011-36",
			      SLACcitation   = "%%CITATION = FERMILAB-THESIS-2011-36;%%"
}

